@book{
	libro1,
	author			= {Nombre1 Apellido1 and Nombr2 Apellido2},
	title			= {TÃ­tulo},
	publisher		= {Editorial},
	edition			= {2nd},
	year			= {2009},
}

@misc{
	web1,
	title			= {Una web},
	howpublished	= "\url{http://unaweb.com/pagina.html}",
}